<?xml version = "1.0" encoding = "UTF-8"?><record>
  <leader>01467nmm#a2200433#c#4500</leader>
  <controlfield tag="005">20210408194423.0</controlfield>
  <controlfield tag="007">cr#|||||||||||</controlfield>
  <controlfield tag="008">030718|########xx######o##|########ger#c</controlfield>
  <controlfield tag="003">DE-605</controlfield>
  <controlfield tag="001">990154317100206441</controlfield>
  <datafield tag="024" ind1="7" ind2=" ">
    <subfield code="a">urn:nbn:de:hbz:929:01-2079</subfield>
    <subfield code="2">urn</subfield>
  </datafield>
  <datafield tag="035" ind1=" " ind2=" ">
    <subfield code="a">(DE-605)TT002234459</subfield>
  </datafield>
  <datafield tag="040" ind1=" " ind2=" ">
    <subfield code="a">929</subfield>
    <subfield code="b">ger</subfield>
    <subfield code="d">929</subfield>
    <subfield code="e">rakwb</subfield>
  </datafield>
  <datafield tag="041" ind1=" " ind2=" ">
    <subfield code="a">ger</subfield>
  </datafield>
  <datafield tag="082" ind1="0" ind2=" ">
    <subfield code="a">914.3</subfield>
  </datafield>
  <datafield tag="084" ind1=" " ind2=" ">
    <subfield code="a">130</subfield>
    <subfield code="2">rpb</subfield>
  </datafield>
  <datafield tag="084" ind1=" " ind2=" ">
    <subfield code="a">A - Rheinland (geo)</subfield>
    <subfield code="2">rpb</subfield>
  </datafield>
  <datafield tag="084" ind1=" " ind2=" ">
    <subfield code="a">A.100000 - Allgemeine Landeskunde</subfield>
    <subfield code="2">rpb</subfield>
  </datafield>
  <datafield tag="084" ind1=" " ind2=" ">
    <subfield code="a">rpb100000</subfield>
    <subfield code="2">rpb</subfield>
  </datafield>
  <datafield tag="090" ind1=" " ind2=" ">
    <subfield code="g">c</subfield>
  </datafield>
  <datafield tag="245" ind1="0" ind2="0">
    <subfield code="a">Jakobswege : der Lahn-Camino</subfield>
    <subfield code="h">Elektronische Ressource</subfield>
  </datafield>
  <datafield tag="340" ind1=" " ind2=" ">
    <subfield code="a">Archivierte Online-Ressource</subfield>
    <subfield code="9">F:652a</subfield>
  </datafield>
  <datafield tag="500" ind1=" " ind2=" ">
    <subfield code="a">Website</subfield>
    <subfield code="9">F:517</subfield>
  </datafield>
  <datafield tag="655" ind1=" " ind2="7">
    <subfield code="a">Karte</subfield>
    <subfield code="0">(DE-588)4029783-4</subfield>
    <subfield code="2">gnd-content</subfield>
  </datafield>
  <datafield tag="688" ind1=" " ind2=" ">
    <subfield code="a">Wandern, Diez, Lahnstein, Rhein-Lahn-Info, Rhein, Lahn, Wirtschaftsf&#246;rderung</subfield>
  </datafield>
  <datafield tag="689" ind1="0" ind2="0">
    <subfield code="a">Rhein-Lahn-Kreis</subfield>
    <subfield code="D">g</subfield>
    <subfield code="0">(DE-588)4049787-2</subfield>
    <subfield code="0">(uri) https://portal.dnb.de/opac.htm?method=simpleSearch&amp;cqlMode=true&amp;query=idn=040497879</subfield>
    <subfield code="0">(uri) http://viaf.org/viaf/sourceID/DNB|040497879</subfield>
    <subfield code="B">GND-040497879</subfield>
  </datafield>
  <datafield tag="689" ind1="0" ind2="1">
    <subfield code="a">Jakobsweg</subfield>
    <subfield code="D">g</subfield>
    <subfield code="0">(DE-588)4114067-9</subfield>
    <subfield code="0">(uri) https://portal.dnb.de/opac.htm?method=simpleSearch&amp;cqlMode=true&amp;query=idn=041140672</subfield>
    <subfield code="0">(uri) http://viaf.org/viaf/sourceID/DNB|041140672</subfield>
    <subfield code="B">GND-041140672</subfield>
  </datafield>
  <datafield tag="700" ind1="1" ind2=" ">
    <subfield code="a">Kranz, Heinrich</subfield>
    <subfield code="4">oth</subfield>
  </datafield>
  <datafield tag="700" ind1="1" ind2=" ">
    <subfield code="a">M&#252;ller, Guntram</subfield>
    <subfield code="4">oth</subfield>
  </datafield>
  <datafield tag="710" ind1="2" ind2=" ">
    <subfield code="a">Rhein-Lahn-Kreis</subfield>
    <subfield code="4">oth</subfield>
    <subfield code="0">(uri) https://portal.dnb.de/opac.htm?method=simpleSearch&amp;cqlMode=true&amp;query=idn=040497879</subfield>
    <subfield code="0">(uri) http://viaf.org/viaf/sourceID/DNB|040497879</subfield>
  </datafield>
  <datafield tag="710" ind1="2" ind2=" ">
    <subfield code="a">Wirtschaftsf&#246;rderungs-Gesellschaft Rhein-Lahn</subfield>
    <subfield code="4">oth</subfield>
  </datafield>
  <datafield tag="856" ind1="4" ind2=" ">
    <subfield code="u">http://www.rhein-lahn-info.de/jakobsweg/</subfield>
  </datafield>
  <datafield tag="856" ind1="4" ind2="0">
    <subfield code="u">https://www.edoweb-rlp.de/resource/edoweb:1104</subfield>
    <subfield code="x">Archivierte Online-Ressource</subfield>
  </datafield>
  <datafield tag="960" ind1="1" ind2=" ">
    <subfield code="b">Mindestkatalogisat</subfield>
  </datafield>
  <datafield tag="960" ind1="1" ind2=" ">
    <subfield code="r">929: rlbweb 207</subfield>
  </datafield>
  <datafield tag="964" ind1="0" ind2="s">
    <subfield code="F">030</subfield>
    <subfield code="A">a|1uc||||||37</subfield>
  </datafield>
  <datafield tag="964" ind1="0" ind2="s">
    <subfield code="F">050</subfield>
    <subfield code="A">||||||||g|||||</subfield>
  </datafield>
  <datafield tag="964" ind1="0" ind2="s">
    <subfield code="F">051</subfield>
    <subfield code="A">mw||||||</subfield>
  </datafield>
  <datafield tag="035" ind1=" " ind2=" ">
    <subfield code="a">(DE-599)HBZTT002234459</subfield>
  </datafield>
  <datafield tag="MBD" ind1=" " ind2=" ">
    <subfield code="M">49HBZ_NETWORK</subfield>
    <subfield code="i">990154317100206441</subfield>
    <subfield code="n">HBZ Network</subfield>
  </datafield>
  <datafield tag="MNG" ind1=" " ind2=" ">
    <subfield code="c">System</subfield>
    <subfield code="f">ILS</subfield>
    <subfield code="i">marc21</subfield>
    <subfield code="k">01</subfield>
    <subfield code="e">false</subfield>
    <subfield code="d">2021-07-14 04:05:08 Europe/Berlin</subfield>
    <subfield code="g">015431710-HBZ01</subfield>
    <subfield code="j">60</subfield>
    <subfield code="a">import</subfield>
    <subfield code="b">2021-04-05 20:15:06 Europe/Berlin</subfield>
  </datafield>
  <datafield tag="GSI" ind1="7" ind2=" ">
    <subfield code="a">4114067-9</subfield>
    <subfield code="0">http://d-nb.info/gnd/4114067-9</subfield>
    <subfield code="2">gnd</subfield>
    <subfield code="A">GND</subfield>
    <subfield code="B">GND-041140672</subfield>
    <subfield code="C">024</subfield>
  </datafield>
  <datafield tag="GGN" ind1=" " ind2=" ">
    <subfield code="a">Chemin de Saint Jacques</subfield>
    <subfield code="A">GND</subfield>
    <subfield code="B">GND-041140672</subfield>
    <subfield code="C">451</subfield>
  </datafield>
  <datafield tag="GGN" ind1=" " ind2=" ">
    <subfield code="a">Camino de Santiago</subfield>
    <subfield code="A">GND</subfield>
    <subfield code="B">GND-041140672</subfield>
    <subfield code="C">451</subfield>
  </datafield>
  <datafield tag="GGN" ind1=" " ind2=" ">
    <subfield code="a">Jakobusweg</subfield>
    <subfield code="A">GND</subfield>
    <subfield code="B">GND-041140672</subfield>
    <subfield code="C">451</subfield>
  </datafield>
  <datafield tag="GGN" ind1=" " ind2=" ">
    <subfield code="a">Sternenweg</subfield>
    <subfield code="9">v:Vorlage, Wikipedia</subfield>
    <subfield code="A">GND</subfield>
    <subfield code="B">GND-041140672</subfield>
    <subfield code="C">451</subfield>
  </datafield>
  <datafield tag="GKT" ind1="2" ind2=" ">
    <subfield code="a">Rhein-Lahn-Kreis</subfield>
    <subfield code="b">Landratsamt</subfield>
    <subfield code="4">spio</subfield>
    <subfield code="4">https://d-nb.info/standards/elementset/gnd#variantName</subfield>
    <subfield code="w">r</subfield>
    <subfield code="i">Spitzenorgan</subfield>
    <subfield code="e">Spitzenorgan</subfield>
    <subfield code="A">GND</subfield>
    <subfield code="B">GND-040497879</subfield>
    <subfield code="C">410</subfield>
  </datafield>
  <datafield tag="GKT" ind1="2" ind2=" ">
    <subfield code="a">Rhein-Lahn-Kreis</subfield>
    <subfield code="b">Kreisverwaltung</subfield>
    <subfield code="4">spio</subfield>
    <subfield code="4">https://d-nb.info/standards/elementset/gnd#variantName</subfield>
    <subfield code="w">r</subfield>
    <subfield code="i">Spitzenorgan</subfield>
    <subfield code="e">Spitzenorgan</subfield>
    <subfield code="A">GND</subfield>
    <subfield code="B">GND-040497879</subfield>
    <subfield code="C">410</subfield>
  </datafield>
  <datafield tag="GSI" ind1="7" ind2=" ">
    <subfield code="a">4049787-2</subfield>
    <subfield code="0">http://d-nb.info/gnd/4049787-2</subfield>
    <subfield code="2">gnd</subfield>
    <subfield code="A">GND</subfield>
    <subfield code="B">GND-040497879</subfield>
    <subfield code="C">024</subfield>
  </datafield>
</record>